LDR  00914cam  22002538a 45  
005  19950320000000.0
008  941207s1995    nyu           001 0beng  
010       $a 94048245
020       $a 0671871099
035       $a (OCoLC)31737634
040       $a DLC $c DLC $d IJC $d CUZ
043       $a n-us---
049       $a CUZA
050  00   $a E886 $b .M29 1995
100  1    $a Maraniss, David.
245  10   $a First in his class : $b a biography of Bill Clinton / $c David Maraniss.
260       $a New York : $b Simon & Schuster, $c 1995.
263       $a 9503.
300       $a 512 p. : $b ill. ; $c 24 cm.
500       $a UCSC: 590 SHARED PURCHASE NOTE - MOVE TO 852 $z IN ALL 852'S (04/02).
650   0   $a Presidents $z United States $x Biography.
852       $a SCB $b mstax $h E886 $i .M29 1995 $z Shared purchase with UCSD (MOVE TO 852 $z FOR ALL 852S ).
852       $a SCB $b mcper $h E886 $i .M29 1995 $z Shared purchase with UCSD (MOVE TO 852 $z FOR ALL 852S ).
901       $a SCB $b 18333011

Record 3
