LDR  01829cam  22003498a 45  
005  19950320000000.0
008  940310s1995    nyuaf    b    001 0 eng  
010       $a 94010892
020       $a 0374116202
035       $a (OCoLC)30074077
040       $a DLC $c DLC $d JBO $d LDL $d CUZ
043       $a n-us-ny
049       $a CUZA
050  00   $a F128.5 $b .D68 1995
100  1    $a Douglas, Ann, $d 1942-
245  10   $a Terrible honesty : $b mongrel Manhattan in the 1920s / $c Ann Douglas.
250       $a 1st ed.
260       $a New York : $b Farrar, Straus, and Giroux, $c 1995.
263       $a 9411.
300       $a xiii, 605 p., [24] p. of plates : $b ill. ; $c 25 cm.
500       $a UCSC MONO: REC HAS MULT. 920s, SOME DUP LOCS - OUTPUT 4 852 FLDS FROM NON-DUP 920$l'S (04/02).
500       $a REC HAS 590 & 934 "LIBRARY HAS" FIELDS - OUTPUT 934 "LIBRARY HAS" AS 852 $3 IN 1ST 852 ONLY; DROP 590 "LIBRARY HAS" FIELD.
500       $a OUTPUT OTHER 590 NOTES IN SEPARATE 852 $x'S IN ALL 852'S.
500       $a OUTPUT NON-"LIBRARY HAS" 934 FLDS AS SEPARATE 852 $x'S FOR ALL 852'S.
650   0   $a Arts, American $z New York (N.Y.)
650   0   $a Arts, Modern $y 20th century $z New York (N.Y.)
651   0   $a New York (N.Y.) $x Intellectual life.
852       $a SCB $b mstax $h F128.5 $i .D68 1995 $x Circulating in branch libs. only. (590 FLD) $x SPN. (590 FLD) $x Each vol. contains supp. vol. (934 FLD) $3 Library has: v. 1 . (934 FLD)
852       $a SCB $b scpro $h F128.5 $i .D68 1995 $x Circulating in branch libs. only. (590 FLD) $x SPN. (590 FLD) $x Each vol. contains supp. vol. (934 FLD)
852       $a SCB $b mprot $h F128.5 $i .D68 1995 $x Circulating in branch libs. only. (590 FLD) $x SPN. (590 FLD) $x Each vol. contains supp. vol. (934 FLD)
852       $a SCB $b mcper $h F128.5 $i .D68 1995 $x Circulating in branch libs. only. (590 FLD) $x SPN. (590 FLD) $x Each vol. contains supp. vol. (934 FLD)
901       $a SCB $b 18332821

Record 4
