LDR  01199cam  22003258a 45  
005  19950321000000.0
008  931201s1994    nyuab    b    001 0 eng  
010       $a 93046137
020       $a 0781801729 :
035       $a (OCoLC)29548154
040       $a DLC $c DLC $d PIT $d CUZ
043       $a n-us-ny
049       $a CUZR
050  00   $a F128.9.N3 $b B5 1994
099  00   $a F1226 (1ST 099 $a) $a .C4 1990 (2ND 099 $a)
100  1    $a Biondi, Joann.
245  10   $a Hippocrene U.S.A guide to Black New York / $c Joann Biondi & James Haskins.
260       $a New York : $b Hippocrene Books, $c c1994.
263       $a 9401.
300       $a 141 p. : $b ill., map ; $c 22 cm.
500       $a UCSC MONO: 1ST 920 HAS $a $b - OUTPUT 920 $a b AS 852 $h $i FOR 1ST 852 (04/02).
500       $a 2ND 920 HAS NO $a OR $b, 099 HAS 2 $a'S - OUTPUT 099 $a'S TO SINGLE 852 $j WITH A SPACE BETWEEN THEM.
650   0   $a Afro-Americans $z New York (N.Y.) $x History.
650   0   $a Historic sites $z New York (N.Y.) $x Guidebooks.
651   0   $a New York (N.Y.) $x Guidebooks.
700  10   $a Haskins, James, $d 1941-
740  01   $a Black New York.
852       $a SCB $b mref $h F1226 $i B3574
852       $a SCB $b mstax $j F1226 (1ST 099 $a) .C4 1990 (2ND 099 $a)
901       $a SCB $b 18336061

Record 5
