LDR  01227pam  2200229 a 45  
005  19950309000000.0
008  940324s1995    dcua     b   f001 0 eng  
010       $a 94011050
020       $a 156098354X
035       $a (OCoLC)30319091
040       $a DLC $c DLC $d CUZ
043       $a n-us-dc
049       $a CUZA
050  00   $a F198 $b .J33 1995
100  1    $a Jacob, Kathryn Allamong.
245  10   $a Capital elites : $b high society in Washington, D.C., after the Civil War / $c Kathryn Allamong Jacob.
260       $a Washington [D.C.] : $b Smithsonian Institution Press, $c c1995.
300       $a x, 318 p. : $b ill. ; $c 24 cm.
500       $a UCSC MONO: REC HAS 2 934 FIELDS WITHOUT ' HAS ' OR ' HAS:'; MOVE TO 852 $x IN ALL 852'S. REC HAS 2 590S WITHOUT ' HAS ' OR ' HAS:'; MOVE TO 852 $x IN ALL 852'S. (04/02).
852       $a SCB $b mstax $h F198 $i .J33 1995 $x 1st 590 - MOVE TO 852 $x IN ALL 852'S. $x 2ND 590 - MOVE TO 852 $x IN ALL 852'S. $x v. 1 (1ST 934 - MOVE TO 852 $x IN ALL 852'S). $x v. 2 (2ND 934 - MOVE TO 852 $x IN ALL 852'S).
852       $a SCB $b mcper $h F198 $i .J33 1995 $x 1st 590 - MOVE TO 852 $x IN ALL 852'S. $x 2ND 590 - MOVE TO 852 $x IN ALL 852'S. $x v. 1 (1ST 934 - MOVE TO 852 $x IN ALL 852'S). $x v. 2 (2ND 934 - MOVE TO 852 $x IN ALL 852'S).
901       $a SCB $b 18307668

Record 7
