LDR  00891nam  2200253Ia 45  
005  19950316000000.0
008  950314s1994    cauab    b    000 0 eng d
020       $a 1880732122 :
035       $a (OCoLC)32148302
040       $a CUZ $c CUZ
049       $a CUZN
090       $a F868.S3 $b M375 1994
100  1    $a McCarthy, Nancy F.
245  10   $a Where grizzlies roamed the canyons / $c by Nancy F. McCarthy.
250       $a 1st ed.
260       $a Palo Alto, CA : $b Garden Court Press, $c c1994.
300       $a 131 p. : $b ill., map ; $c 23 cm.
500       $a UCSC MONO: HAS 920 $a (NO $b) & 090 - OUTPUT 920$a AS 852 $j (04/02).
504       $a Includes bibliographical references (p.128-130)
651   0   $a San Lorenzo River Valley (Calif.) $x History.
650   0   $a Authors, American $z California $z Santa Cruz County.
740  01   $a Story of the San Lorenzo Valley.
852       $a SCB $b spscz $j F868.S3 (920$a)
901       $a SCB $b 18323698

Record 9
