LDR  00796cam  2200253 a 45  
005  19950316000000.0
008  901025s1991    nyub     b    001 0 eng  
010       $a 90022102 //r922
020       $a 0517574675 :
035       $a (OCoLC)22710043
040       $a DLC $c DLC $d CUZ
043       $a n-us-nv $a n-us-ca
049       $a CUZA
050  00   $a F868.S5 $b O46 1991
086       $a HEU/F868.
100  1    $a Olmsted, Gerald W.
245  14   $a The best of the Sierra Nevada / $c Gerald W. Olmsted.
250       $a 1st ed.
260       $a New York : $b Crown, $c c1991.
300       $a xiii, 370 p. : $b maps ; $c 23 cm.
500       $a UCSC MONO: REC HAS 920 $b (NO $a), 050, 086.  OUTPUT 920 $b AS 852 $j (04/02).
651   0   $a Sierra Nevada (Calif. and Nev.) $x Guidebooks.
852       $a SCB $b mstax $j F868.S5.046 (920$b)
901       $a SCB $b 18323637

Record 10
