LDR  01127cam  2200301 a 45  
005  19950316000000.0
008  940428s1993    hk abc        001 0 eng d
010       $a 94151742
020       $a 0395662397 (pbk.) :
035       $a (OCoLC)29296355
040       $a TxIr $c DLC $d CUZ
042       $a lccopycat
043       $a n-cn---
049       $a CUZR
050  00   $a F1009 $b .C175 1993
245  00   $a Canada / $c created and directed by Hans Hèofer ; edited by Hilary Cunningham ; photography by Joe Viesti ; updated by Prue Hemelrijk.
250       $a 4th ed., Rev.
260       $a [Hong Kong] : $b APA Publications ; $a Boston, Mass. : $b Distributed in the United States by Houghton Mifflin, $c c1993.
300       $a 355 p. : $b ill. (chiefly col.), col. maps, ports. (some col.) ; $c 23 cm.
440   0   $a Insight guides ; $v 237.
500       $a UCSC MONO: 920 HAS NO $a $b, REC HAS NO 099, 090, HAS 050 $a $b - OUTPUT TO 852 $h $i (04/02).
651   0   $a Canada $x Guidebooks.
700  10   $a Cunningham, Hilary.
700  10   $a Hoefer, Hans.
700  10   $a Viesti, Joseph F.
700  10   $a Hemelrijk, Prue.
852       $a SCB $b mref $h F1009 $i .C175 1993
901       $a SCB $b 18324368

Record 11
