LDR  01490cam  2200337 a 45  
005  19950306000000.0
008  931203s1993    okuab    b   s001 0 eng  
010       $a 93048624
020       $a 0806126493 (alk. paper)
035       $a (OCoLC)29565779
040       $a DLC $c DLC $d OCL $d CUZ
041  1    $a eng $h spa
043       $a n-mx---
049       $a CUZA
050  00   $a F1219.73 $b .D8713 1993
100  1    $a Durâan, Diego, $d d. 1588?
240  10   $a Historia de las Indias de Nueva-Espaäna y Islas de Tierra Firme. $l English.
245  14   $a The history of the Indies of New Spain / $c by Diego Durâan ; translated, annotated, and with an introduction by Doris Heyden.
260       $a Norman : $b University of Oklahoma Press, $c c1993.
300       $a xxxvi, 642 p. : $b ill. (some col.), map ; $c 24 cm.
440   4   $a The Civilization of the American Indian series ; $v v. 210.
500       $a UCSC MONO: REC HAS 934 WITHOUT ' HAS ' OR ' HAS:'; 590 CONTAINS ' HAS:'; MOVE 590 TO 852 $3 IN 1ST 852; MOVE 934 TO 852 $x IN ALL 852S (04/02).
650   0   $a Aztecs $x History.
650   0   $a Aztecs $x Social life and customs.
651   0   $a Mexico $x History $y To 1519.
651   0   $a Mexico $x History $y Conquest, 1519-1540.
700  10   $a Heyden, Doris.
852       $a SCB $b mstax $h F1219.73 $i .D8713 1993 $x Vol. 103,4,5. (934 FIELD) $3 Library has: vol. 1-5 (590 FIELD).
852       $a SCB $b mcper $h F1219.73 $i .D8713 1993 $x Vol. 103,4,5. (934 FIELD)
852       $a SCB $b scpro $h F1219.73 $i .D8713 1993 $x Vol. 103,4,5. (934 FIELD)
901       $a SCB $b 18301149

Record 14
