LDR  01180aam  2200289 a 45  
005  19950301000000.0
008  941216s1994    mx a     b    000 0 spa  
010       $a 94238930
020       $a 9688352209
035       $a (OCoLC)31863689
040       $a DLC $c DLC $d CUZ
043       $a n-mx---
049       $a CUZA
050  00   $a F1221.O86 $b S26 1994
086       $a 1ST 086 a $a 2ND a $z 1ST z $z 2ND z $2 086 SUB 2
100  2    $a Sandoval Forero, Eduardo Andrâes.
245  10   $a Familia indâigena y unidad domâestica : $b los otomâies del Estado de Mâexico / $c Eduardo Andrâes Sandoval Forero.
260       $a Toluca, Estado de Mâexico, Mâexico : $b Universidad Autâonoma del Estado de Mâexico, Facultad de Ciencias Polâiticas y Administraciâon Pâublica, $c 1994.
300       $a 241 p. : $b ill. ; $c 21 cm.
500       $a UCSC MONO: REC HAS 086, 050; LOC IS 'smaps'; OUTPUT 086 1ST $a AS 852 $j; DROP 2ND $a, BOTH $z's, $2 (04/02).
650   0   $a Otomi Indians $x Kinship.
650   0   $a Otomi Indians $x Economic conditions.
650   0   $a Otomi Indians $x Social conditions.
650   0   $a Family $z Mexico $z Temoaya (Mexico)
650   0   $a Family $z Mexico $z Toluca de Lerdo.
852       $a SCB $b smaps $j 1ST 086 a
901       $a SCB $b 18293980

Record 15
