LDR  01172cam  22003258a 45  
005  19950310000000.0
008  940214s1995    nyu      b    001 0 eng  
010       $a 94006727
020       $a 0195089790
020       $a 0195089804 (pbk.)
035       $a 035 FLD
035       $a (OCoLC)29909333
040       $a DLC $c DLC $d IAI $d CUZ
043       $a n-mx---
049       $a CUZA
050  00   $a F1226 $b .M54 1995
090       $a E872 $b .M238 1994
098       $n ov=.b3893753
099  00   $a F1226
100  1    $a Meyer, Michael C.
245  14   $a The course of Mexican history / $c Michael C. Meyer, William L. Sherman.
250       $a 5th ed.
260       $a New York : $b Oxford University Press, $c 1995.
263       $a 9501.
300       $a xii, 723, xxiii p. : $b ill., maps ; $c 26 cm.
500       $a UCSC: DROP FROM OUTPUT REC:001-004, INPUT 005, 009, 590, 850, 852, 855, 857, 858, 866, 867, 868, 886, 899.  OUTPUT 005 WILL BE CREATED FROM INCOMING 902; OUTPUT INCOMING 035 AS IS; OUTPUT ANOTHER 035 FROM INPUT 001; DATA FROM SOME DROPPED FIELDS WILL BE OUTPUT ELSEWHERE (02/06).
651   0   $a Mexico $x History.
700  10   $a Sherman, William L.
852       $a SCB $b mstax $j F1226 $x 590 FLD.
901       $a SCB $b 18311611

Record 16
