LDR  00902nam  2200265Ia 45  
005  19950306000000.0
008  950224s1994    cau           000 0 eng d
035       $a 009959583
035       $a (OCoLC)32047401
040       $a JNA $c JNA $d CUZ
043       $a e------ $a n-us---
049       $a CUZA
090       $a AS36 $b .R28 no.7891
100  1    $a Van Heuven, Marten.
245  10   $a Transatlantic relations : $b the implications for security / $c Marten Van Heuven.
260       $a Santa Monica, CA : $b RAND, $c 1994.
300       $a 7 p. ; $c 28 cm.
500       $a UCSC: OUTPUT 001 AS 035, ADDING '(OCoLC)' TO BEGINNING OF NUMBER; OUTPUT 035 AS IS (02/06).
500       $a "P-7891."
650   0   $a National security $z Europe.
651   0   $a Europe $x Military relations $z United States.
651   0   $a United States $x Military relations $z Europe.
710  2    $a Rand Corporation.
852       $a SCB $b mstax $h AS36 $i .R28 no.7891
901       $a SCB $b 18300625

Record 20
