LDR  01250 as  2200361 a 45  
005  19950719000000.0
008  930701c19939999nyusr1p       0   a0eng d
010       $a sn 93005029
022  0    $a 1070-4280
030       $a RJOCEQ
035       $a (OCoLC)28365085
040       $a NSD $c NSD $d EYM $d CUZ
041  1    $a eng $h rus
042       $a nsdp $a lcd
049       $a CUZA
090       $a QD241.Z513
098       $n ov=.b3582188
130  0    $a Zhurnal organicheskoi khimii. $l English.
245  10   $a Russian journal of organic chemistry.
260       $a New York : $b Consultants Bureau, $c c1993-
210  0    $a Russ. j. organ. chem.
222   0   $a Russian journal of organic chemistry.
300       $a v. ; $c 28 cm.
310       $a Semimonthly.
362  0    $a Vol. 29, no. 1, pt. 1-
500       $a UCSC PE: 2 LOCS IN 920 $l WITH 1ST LOC BEING 'nrlf'.  DROP 'nrlf' LOCATION AND OUTPUT ONLY 1 852 (04/02).
510  0    $a Chemical abstracts $x 0009-2258.
650   0   $a Chemistry, Organic $x Periodicals.
780  00   $t Continues: Zhurnal organicheskoæi khimii. English. Journal of organic chemistry of the USSR $x 0022-3271.
710  20   $a Consultants Bureau.
765  0    $t Zhurnal organicheskoæi khimii $x 0514-7492.
852       $a SCB $b sstax $j QD241.Z513 $3 29(1993)+ $O -
901       $a SCB $b 15315526

Record 21
