LDR  00955 as  2200181 a 45  
005  19950515000000.0
008  690928s1895       ab         0   0 fre  
090       $a E51.S68
098       $n ov=.b2397961
110  2    $a Sociâetâe des amâericanistes de Paris.
245  10   $a Journal.
260       $a Paris $c 1895.
300       $a v     illus., maps.
500       $a UCSC PE: OUTPUT 1 852, TAKEN FROM 1ST 920, DROP 2ND LOC (nrlf).  OUTPUT 852 $3 FROM 850 $a, INDEX INFO FROM 855.  APPEND '; Index: ' TO END OF 852 $3 BEFORE APPENDING 855. TAKE 852 $m FROM INCOMING 858.  DROP 855, 858 FLDS (04/02).
650       $a America $x Antiquities $x Societies, etc.
852       $a SCB $b mstax $j E51.S68 $m Latest: GovPubs Office. Other: GovPubs US Docs. $3 1-4(1895-1903),  Ser.2: 1-49(1904-1960),  51-52(1962-1963),  54:1(1965),  55-78(1966-1992); Index: 63-72(1977-1986) $D On order $O 3
856       $a Volumes listed by author/title in the fiche/online catalog. Please consult Reference.
901       $a SCB $b 15177580

Record 23
