LDR  01184 as  2200301 a 45  
005  19950630000000.0
008  920528c19929999dcuar    r    0    0eng d
010       $a sn 92037377
040       $a PIT $c PIT $d IUL $d CUZ
042       $a lcd
043       $a n-us--- $a n-cn---
049       $a CUZA
050       $a 050 SUBFLD A $b SUBFLD B
086       $a 086 SUBFLD A $z SUBFLD Z $2 SUBFLD 2
090       $a 090 SUBFLD A $a SUBFLD A $b SUBFLD B
098       $n ov=.b3372212
130  0    $a Graduate study in psychology. $f 1992.
245  10   $a Graduate study in psychology.
260       $a Washington, D.C. : $b American Psychological Association, $c c1992-
300       $a v. ; $c 28 cm.
310       $a Annual.
362  0    $a 1992-
500       $a UCSC PE: LOC IN 850 FIELD, REC HAS 090, 086, 050 CALL NUM FIELDS; TAKE CALL NUM FROM FIRST 090 $a $b AND OUTPUT IN 852 $h $i. (04/02).
650   0   $a Psychology $x Study and teaching (Graduate) $z Canada $x Directories.
780  00   $t Continues: Graduate study in psychology and associated fields $x 0742-7220.
710  20   $a American Psychological Association.
852       $a SCB $b mrtab $h 090 SUBFLD A $i SUBFLD B $m Latest: Ref Table. Other: stacks. $3 1992+ $D Currently received $O a
901       $a SCB $b 15305958

Record 26
