LDR  01241 as  2200265 a 45  
005  19950831000000.0
008  921204c19929999dcuar     s  f0    0eng d
010       $a sn 93020027
035       $a (OCoLC)27063834
040       $a HBS $c HBS $d NST $d GPO $d HUL $d CUZ
042       $a lcd
043       $a n-us-mn
049       $a CUZS
086       $a 086 SUBFLD A $a SUBFLD A $z SUBFLD Z
050       $a 050 SUBFLD A $a 2ND SUBFLD A
098       $n ov=.b3499200
245  00   $a Occupational compensation survey--pay and benefits. $p St. Cloud, Minnesota, metropolitan area / $c U.S. Department of Labor, Bureau of Labor Statistics.
260       $a Washington, DC : $b The Bureau : $b U.S. G.P.O., Supt. of Docs. [distributor] ; $a Chicago, IL : $b Bureau of Labor Statistics, Publications Sales Center [distributor], $c 1992-
310       $a Annual.
362  0    $a Apr. 1992-
490  1    $a Bulletin / U.S. Department of Labor, Bureau of Labor Statistics.
500       $a UCSC PE: REC HAS 2 LOCATIONS, 086 AND 050 CALL NUM FIELDS.  1ST LOC IS 'mgus', OUTPUT 852 $j FROM 1ST $a IN 086 FIELD.  2ND LOC IS NOT 'mgus', 'mmaps' OR 'smaps', OUTPUT 852 $j FROM 1ST $a IN 050 FIELD (04/02).
852       $a SCB $b mgus $j 086 SUBFLD A $3 1982-1992+ $O c
852       $a SCB $b mstax $j 050 SUBFLD A $3 1992+
901       $a SCB $b 15309174

Record 27
