LDR  00797 as  2200241 a 45  
005  19950831000000.0
008  911105c19929999dcuar     s  f0    0eng d
010       $a    91320027
035       $a (OCoLC)64123834
040       $a HBS $c HBS $d NST $d GPO $d HUL $d CUZ
042       $a lcd
043       $a n-us-mn
049       $a CUZS
086       $a 086 SUBFLD A $a 2ND SUBFLD A $2 SUBFLD 2 $6 SUBFLD 6
050       $a 050 SUBFLD A $a SUBFLD A
098       $n ov=.b3499200
245       $a Dragonslayers' Annual.
260       $a Bald Mountain, Transylvania : $b Dragonslayers Guild, $c 1756-
310       $a Annual.
362  0    $a 1757-
500       $a UCSC PE: LOC 'smaps' IS IN 920 FIELD, RECORD HAS 086 AND 050 CALL NUM FIELDS.  TAKE 852 $j FROM FIRST $a IN 086 FIELD. (04/02).
852       $a SCB $b smaps $j 086 SUBFLD A $D On order $O 3
901       $a SCB $b 12518174

Record 30
