LDR  00851 as  2200241 a 45  
005  19950831000000.0
008  930105c19929999dcuar     s  f0    0eng d
010       $a    93456027
035       $a (OCoLC)93123834
040       $a HBS $c HBS $d NST $d GPO $d HUL $d CUZ
042       $a lcd
043       $a n-us-mn
049       $a CUZS
086       $a 086 SUBFLD A $a SUBFLD A $2 SUBFLD 2
050       $a 050 SUBFLD A $b SUBFLD B
098       $n ov=.b3499200
245       $a Journal of the Guild of sorcerers, magicians, and warlocks.
260       $a London : $b Guild of sorcerers, magicians, and warlocks, $c 1213-
310       $a Annual.
362  0    $a 1757-
500       $a UCSC PE: LOC IN 920 FIELD IS NOT 'smaps' or 'mgus', RECORD HAS 086 AND 050 CALL NUM FIELDS.  TAKE 852 $h $i FROM 050 $a $b (04/02).
852       $a SCB $b mstax $h 050 SUBFLD A $i SUBFLD B $D Not currently received $O z
901       $a SCB $b 12314564

Record 31
LDR  00692dXX  2200181 a 45  
005  20020510143000.0
008  920408u19uu9999caumx p       0   a0eng d
040       $a CUZ $c CUZ
049       $a CUZN[Serial][Archives]
098       $n ov=.b3315587
260       $a Santa Cruz, Calif. : $b University of California, Santa Cruz, $c [1972-
300       $a v. ; $c 28 cm.
310       $a Monthly (irregular)
362  0    $a Jan. 1972-
500       $a UCSC: DELETE REC (901 $c = "d"); NO 245, UNKNOWN LOC, NO 902, INVALID TYPE & BIBLVL - CREATE DELETE REC, DO NOT CREATE 998 ERR FLDS, USE FILEDATE FOR 005 (06/02).
610  20   $a University of California, Santa Cruz. $b Arboretum $x Periodicals.
852       $a SCB $b XXXXX
901       $a SCB $b 15301783

Record 32
