LDR  01046 as  2200253 a 45  
005  19950731000000.0
008  931213c19939999enkuu         0    0eng d
035       $a (OCoLC)29482627
040       $a JBL $c JBL $d CUZ
049       $a CUZA
090       $a PS324.I5
098       $n ov=.b3700768
245  00   $a International who's who in poetry and Poets' encyclopaedia.
260       $a Cambridge, England : $b International Biographical Centre, $c c1993-
300       $a v. ; $c 25 cm.
362  0    $a 7th ed. (1993/94)-
500       $a UCSC PE: 2 LOCS FROM 850 $b. 1ST LOC - CREATE SEPARATE 852 $m'S FROM MULTIPLE 850 $e'S.  2ND LOC - OUTPUT 852 $g NRLF NOTE FROM 850 $g (04/02).
580       $a Separated from: International authors' and writers' who's who.
650   0   $a Poetry $y 20th century $x Bio-bibliography.
700  10   $a Shields, M. J.
730  00   $a Poets' encyclopaedia.
852       $a SCB $b mrtab $j PS324.I5 $m 1ST $e $m 2ND $e $m 3RD $e $3 1993/94(7th ed.)+ $D Not currently received $O 2
852       $a SCB $b nrlf $g NRLF: All issues (850$g) $j PS324.I5 $3 2-65(1901-1965)
901       $a SCB $b 15316002

Record 33
