LDR  00974 as  2200229 a 45  
005  19950317000000.0
008  760620d19041951gw uu p       0    0ger d
010       $a sf 83001184
035       $a (OCoLC)2269844
040       $a PIT $d NST $d NYG $d CUZ
042       $a lc
049       $a CUZA
090       $a TP250.D45
098       $n ov=.b3458258
245  00   $a Zeitschrift fèur Elektrochemie und angewandte physikalische Chemie : $b herausgegeben von der Deutsche Bunsen-Gesellschaft fèur Angewandte.
260       $a Halle : $b Wilhelm Knapp, $c 1904-1951.
300       $a 47 v. : $b ill., ports. ; $c 28-30 cm.
362  0    $a [Bd.] 10, Nr. 1 (Jan. 1, 1904)-Bd. 55, Nr. 8 (Dez. 1951).
500       $a UCSC PE: LOC IN 920 - OUTPUT 852 $g NOTE FROM INCOMING 857 FIELD AFTER APPENDING 'NRLF: ' TO BEGINNING.  DO NOT OUTPUT 857. (04/02).
650   0   $a Electrochemistry, Industrial $x Periodicals.
852       $a SCB $b nrlf $g NRLF: All issues (857 FLD). $j TP250.D45 $3 10-55(1904-1951) $D No longer published $O 4
901       $a SCB $b 15308066

Record 35
