LDR  00663 as  2200169 a 45  
005  19950710000000.0
008  731024s1972                  0   0 eng  
090       $a SH11.A3
098       $n ov=.b2319561
245  00   $a Commercial fisheries review.
260       $a [Washington, $b Govt. Print. Off.]
300       $a v. illus., maps, diagrs. bimonthly.
362  0    $a v. 1-34, no. 5/6; Jan. 1939-May/June 1972.
500       $a UCSC PE: LOC IN 920 FIELD; RECORD HAS 855 (INDEX INFO), BUT NO 850 $a (HOLDINGS) - DO NOT OUTPUT 852 $3; DISREGARD 855 (04/02).
650       $a Fish trade.
852       $a SCB $b sstax $g NRLF: All issues except index. $j SH11.A3 $D Not currently received $O 2
901       $a SCB $b 15102580

Record 36
