LDR  00722 as  2200169 a 45  
005  19950710000000.0
008  720811s0000                  0   0 ger00
090       $a Z2221.R4
098       $n ov=.b2388911
245  00   $a Referatedienst zur Literaturwissenschaft.
260       $a Berlin.
300       $a v.
362       $a Jahrg. 1- 1969-
500       $a UCSC PE: LOC IN 920 FIELD; HOLDINGS IN 850 $a; 855 CONTAINS STRING 'INDEX: ' FOLLOWED BY INDEX INFO.  APPEND '; ' TO END OF HOLDINGS, FOLLOWED BY 855 FIELD AS IS AND OUTPUT AS 852 $3. (04/02).
650   0   $a German literature $x Book reviews $x Periodicals.
852       $a SCB $b mref $g NRLF: All issues except Index. $j Z2221.R4 $3 1969-1990.; Index: 1986-1989. $D Not currently received $O 2
901       $a SCB $b 15168955

Record 37
