LDR  00542dam  2200145   45  
005  19950831000000.0
008                                     eng  
098       $n ov=.b2598759
245  00   $a Studies in the fine arts: the Avant-garde.
260  0    $a Ann Arbor : $b UMI Research Press.
300       $a 260 p., illus.
500       $a UCSC MONO: 901 $c CONTAINS VALID VALUE 'h'; SET STATUS TO 'd' IN LEADER (DELETE). (04/02).
852       $a SCB $b sstax
856       $a Volumes listed by author/title in the fiche/online catalog. Please consult Reference.
901       $a SCB $b 1735772x

Record 38
