LDR  00791 as  2200181 a 45  
005  19951107000000.0
008  690927s1928                  0   0 ger  
022       $a 0001-6241
090       $a ML5.A24
098       $n ov=.b2287535
245  00   $a Acta musicologica. $b (International Musicological Society)
362       $a 1928.
500       $a UCSC PE: HOLDINGS IN 850 $h; 850 $j HAS INDEX INFO, BEGINNING WITH STRING 'Index: '.  APPEND '; ' TO HOLDINGS, FOLLOWED BY 850 $j AND OUTPUT IN 852 $3 (04/02).
710  20   $a International Musicological Society.
710  20   $a International Musicological Society. $t Mitteilungen.
710  20   $a International Musicological Society. $t Bulletin.
852       $a SCB $b mcper $j ML5.A24 $3 1-7(1928-1935),  35(1963)+; Index: 1-39:2(1928-May 1967) $D Currently received $O 1
901       $a SCB $b 15072125

Record 39
