LDR  00831das  2200241 a 45  
005  19950426000000.0
008  900516c19889999sp tr p       0    0spa d
010       $a sn 90016235
040       $a COO $c NST $d ELM $d CUZ
042       $a msc
049       $a CUZA
090       $a QA1.R443
098       $n ov=.b3349548
245  00   $a Revista matemâatica de la Universidad Complutense de Madrid / $c Facultad de Ciencias Matemâaticas, Universidad Complutense de Madrid.
260       $a Madrid : $b La Universidad,
300       $a v. : $b ill. ; $c 24 cm.
310       $a Three no. a year.
362  0    $a Vol. 1, no. 1-2 y 3 (1988)-
500       $a UCSC PE: 901 $c = 'd', SET STATUS TO 'd' (DELETE) IN LEADER. (04/02).
650   0   $a Mathematics $x Periodicals.
710  20   $a Universidad Complutense de Madrid.
852       $a SCB $b scper $j QA1.R443 $3 4(1991)+ $O d
901       $a SCB $b 15304978

Record 42
