LDR  01211das  2200313 a 45  
005  19950829000000.0
008  800301c19uu9999caumr1p       0   a0eng d
010       $a sc 83006096
022  0    $a 0741-1138
040       $a IXA $c IXA $d UCU $d MUL $d HUL $d OCL $d DLC $d NSD $d DLC $d OCL $d m/c $d NST $d CUZ
042       $a lc $a nsdp
049       $a CUZA
090       $a F1401.I64
098       $n ov=.b3258890
130  0    $a ISLA (Oakland, Calif.)
245  10   $a ISLA / $c Information Services on Latin America.
260       $a Oakland, CA : $b I.S.L.A.,
210  0    $a ISLA - Inf. Serv. Latin Am.
222   0   $a ISLA - Information Services on Latin America.
300       $a v. : $b ill. ; $c 28 cm.
310       $a Monthly.
500       $a UCSC PE: 901 $c = 'n'; SET STATUS TO 'd' (DELETE) IN LEADER. (04/02).
520       $a Clippings of Latin American political, social and economic news from various English language newspapers.
651   0   $a Latin America $x Periodicals.
710  20   $a Information Services on Latin America (Oakland, Calif.)
730  00   $a I.S.L.A.
730  00   $a Information services on Latin America.
852       $a SCB $b mrtab $j F1401.I64 $m Current 2 years on Reference Tables. Previous years in stacks. $3 44:4(Apr. 1992)+ $O n
901       $a SCB $b 1530498x

Record 43
