LDR  00871 as  2200217Ia 45  
005  19950306000000.0
008  900612                             eng  
010       $a 03-25387
035       $a (OCoLC)8534491
040       $a DLC $c VIC $d VIC $d OCL
049       $a CUZK
090       $a Z2012.B91
245  10   $a Censura literaria. $b Containing titles, abstracts, and opinions of old English books, with original disquisitions, articles of biography, and other literary antiquities.
260       $a London, $b Longman, Hurst, Rees, and Orme, $c 1805-09.
300       $a 10 v. $c 22 cm.
310       $a Published semiannually 1805-1809.
500       $a UCSC PE: RECORD HAS 'nrlf' AS ONLY LOC CODE IN 920 $l; OUTPUT 852 FOR "nrlf". (04/02).
650   0   $a English literature $y Early modern, 1500-1700.
650   0   $a English literature.
852       $a SCB $b nrlf $j Z2012.B91 $3 Library has: v. 1-10. $O -
901       $a SCB $b 11594639

Record 44
