LDR  00704 as  2200193 a 45  
005  19960304000000.0
008  690927s1958                  0   0 eng  
090       $a PR1.A2
098       $n ov=.b2286798
245  00   $a Abstracts of English studies.
260       $a Boulder, Colo., $b National Council of Teachers of English.
310       $a 10 no. a year.
362  0    $a 1-   1958-
500       $a UCSC PE: 5 850 LOCS; 1 BEGIN WITH 'x', 2 IDENTICAL; DROP 'x' LOC AND OUTPUT THREE 852 FIELDS (04/02).
710  20   $a National Council of Teachers of English.
852       $a SCB $b scper $j PR1.A2 $3 1(1968)+ $D Not currently received $O 2
852       $a SCB $b sstax $j PR1.A2 $3 1(1968)+
852       $a SCB $b nrlf $j PR1.A2 $3 1(1968)+
901       $a SCB $b 15071443

Record 47
