LDR  00698 as  2200193 a 45  
005  19960309000000.0
008  700729s1969       a          0   0 eng  
090       $a RM315.A1A4
098       $n ov=.b2287997
245  00   $a Advances in biochemical psychopharmacology.
260       $a New York, $b Raven Press. $c 1969.
300       $a v. illus.
500       $a Editors: v.1- E. Costa and P. Greengard.
500       $a UCSC PE: 3 920 LOCS; TWO BEGIN 'x'; 1 'nrlf'; DROP 'x' LOCS AND OUTPUT 852 FOR  'nrlf' (04/02).
650   0   $a Neuropsychopharmacology.
700  10   $a Costa, Erminio, $d 1924-
700  10   $a Greengard, Paul, $d 1925-
852       $a SCB $b nrlf $j RM315.A1A4 $3 1-46(1969-1990) $D Not currently received $O 2
901       $a SCB $b 15072575

Record 48
