LDR  00656 as  2200193 a 45  
005  19960304000000.0
008  111771s0000                  0   0 eng00
090       $a Z674.A4
098       $n ov=.b2288734
245  00   $a Advances in librarianship.
260       $a New York, Academic Press.
300       $a v. 24cm.
362       $a v.1- 1970-
500       $a Editor: v.1- M.J. Voigt.
500       $a UCSC PE: 3 920 LOCS; 1 BEGIN 'x', 1 'nrlf', OTHER IS 'sref'; OUTPUT 852 FOR 'sref', but not 'nrlf' (04/02)
650   0   $a Library science $x Periodicals.
700  10   $a Voigt, Melvin John, $d 1911-
852       $a SCB $b sref $j Z674.A4 $3 1-30(1959-1986) $D Currently received $O 1
901       $a SCB $b 15073294

Record 49
