LDR  01053 as  2200253 a 45  
005  19960301000000.0
008  780209s1945                  0   0 eng  
022       $a 0727-8926
090       $a Z7165.A8A8
098       $n ov=.b2286476
245  00   $a APAIS; Australian public affairs information service.
260       $a Canberra, $b National Library of Australia.
300       $a v.
362       $a no.1-    1945-    .
500       $a UCSC PE: LOCS IN 850S, NO 850 $3, USE 901 $c FOR ORDER/RECEIPT DATA - TRANSLATE 901 $c = "3" TO "On order" & OUTPUT IN 852 $D IN 1ST 852 ONLY; OUTPUT "c" IN 852 $O FOR 1ST 852 ONLY (04/02).
500       $a "A subject index to current literature."
650       $a Australia $x Bibliography $x Periodicals.
650       $a Australia $x Social conditions $x Bibliography.
650       $a Australia $x Politics and government $x Bibliography.
710  20   $a National Library of Australia.
740  0    $a Australian public affairs information service.
852       $a SCB $b mref $j Z7165.A8A8 $D On order $O 3
852       $a SCB $b mstax $j Z7165.A8A8 $3 1955+
901       $a SCB $b 15071212

Record 50
