LDR  00802 as  2200193 a 45  
005  19971209000000.0
008  700902s1958       a          0   0 fre  
022       $a 0007-9731
090       $a CB3.C3
098       $n ov=.b230921x
245  00   $a Cahiers de civilisation medievale.
260       $a Poitiers $c 1958.
300       $a v. illus., facsims. quarterly.
500       $a UCSC PE: TWO 850S WITH LOC CODES IN $b, ONE 850 HAS $f = '1', THE OTHER $f = '0'; OUTPUT ONE 852 FOR 850 WITH $f = '1' (04/02).
500       $a 1969-    "Bibliographie" section issued separately.
650   0   $a Civilization, Medieval $x Periodicals.
710  20   $a Universitâe de Poitiers. $b Centre d'âetudes supâerieures de civilisation mâediâevale.
852       $a SCB $b mcper $j CB3.C3 $m Back issues: Stacks. $3 1(1958)+ $D Currently received $O 1
901       $a SCB $b 15092847

Record 52
