LDR  01269 as  2200265 a 45  
005  19980806000000.0
008  760817s1941                  0   0 eng  
022       $a 0002-9246
090       $a H1.A48
098       $n ov=.b229333x
245  00   $a American journal of economics and sociology.
260       $a New York.
300       $a v. ill. quarterly.
362       $a v.1-    Oct. 1941-    .
500       $a UCSC PE: OUTPUT 852 $D AND $O OF 1ST LOC BASED ON VALUE IN 901 $c; OUTPUT 852 $D'S AND $O'S OF OTHER LOCS BASED ON VALUE IN 850 $3. OUTPUT $O BUT NOT $D FOR 852 WHERE 850 $3 HAS AN UNKNOWN VALUE ("X"). (04/02).
650       $a Social sciences $x Periodicals.
852       $a SCB $b mcper $j H1.A48 $m Back issues: Stacks. $3 1(1941)+ $D Currently received $O a
852       $a SCB $b mgpub $j H1.A48 $3 Oct. 1995- $D Currently received $O 1
852       $a SCB $b mhres $j H1.A48 $3 Apr. 1993- $D Not currently received $O z
852       $a SCB $b sstax $j H1.A48 $m Back issues: Stacks. $3 1(1941)+ $D On order $O 3
852       $a SCB $b merc $j H1.A48 $3 Oct. 1995- $D No longer published $O 4
852       $a SCB $b cosmo $j H1.A48 $3 Apr. 1993- $D Subscription cancelled $O 5
852       $a SCB $b scper $j H1.A48 $m Back issues: Stacks. $3 1(1941)+ $D Currently received $O a
852       $a SCB $b mgcal $j H1.A48 $m Back issues: Stacks. $3 1(1941)+ $O X
901       $a SCB $b 15077640

Record 54
