LDR  01011dam  22002658a 45  
005  19941204000000.0
008  890331s1990    nyu      b    001 0 eng  
010       $a 89032818
020       $a 0195058518
035       $a 009959575
035       $a (OCoLC)19627069
040       $a DLC $c DLC $d CU-SC
090       $a HD9502.A2K375 1990
100  1    $a Kapstein, Ethan B.
245  14   $a The insecure alliance : $b energy crises and western politics since 1944 / $c Ethan B. Kapstein.
260       $a New York : $b Oxford University Press, $c 1990.
263       $a 9001.
300       $a xi, 257 p. ; $c 22 cm.
500       $a "Written under the auspices of the Center for International Affairs, Harvard University."
500       $a UCSC: DELETE REC (901 $c = 'd') HAS NO LOCS - DO NOT OUTPUT ERROR FIELD (02/06).
504       $a Bibliography: p. [235]-246.
650   0   $a Energy industries $x Political aspects $x History $y 20th century.
650   0   $a World politics $y 1945-
710  20   $a Harvard University. $b Center for International Affairs.
901       $a SCB $b 11500153

Record 57
