LDR  00902nmb  2200217   45  
005  19950320000000.0
008  690928s192        ab         00000 eng  
086       $a I 28.27:
090       $g FICHE $a TN295.U4
098       $n ov=.b2435019
110       $a United States. Bureau of Mines.
245  00   $a Information circular.
260  0    $a Washington, U.S. Dept. of the Interior, $b Bureau of Mines.
300       $a v     illus., maps.
362       $a 1-; 192 -
500       $a UCSC MRDF: TYPE = "m", BIBLEV = "b", HAS 850 & 920; OUTPUT AS SERIAL, TAKE LOC FROM 850 (04/02).
650   0   $a Mines and mineral resources $x Collected works.
650       $a Mines and mineral resources $z United States $x Collected works.
852       $a SCB $b sstax $j TN295.U4 $m Some earlier issues in printed format. $3 6111+ (scattered holdings) $D Currently received $O 1
856  7    $u http://muse.jhu.edu/journals/imagine $2 http $z View full text.
901       $a SCB $b 17528331

Record 58
