LDR  01902nai  2200433 a 4500
005  20060510000000.0
007  cr unu--------
008  750806c19609999ilumr1p       0   a0eng d
010       $a 61066291  $z sc 77000242
022  0    $a 0003-9942
030       $a ARNEAS
032       $a 029680 $b USPS
035       $a (OCoLC)1513880
040       $a MUL $c MUL $d NSD $d DLC $d NSD $d DLC $d SER $d AIP $d HUL $d NSD $d NST $d MYG $d CAS $d NST $d EBZ $d NST $d IUL $d MYG $d EYM $d SYS $d OCL $d NSD $d NLM $d OCLCQ
042       $a nsdp $a lc
050  00   $a RC321 $b .A67
060  00   $a W1 $b AR455E
082  10   $a 616 $2 11
091       $a RC321 $b .A67
210  0    $a Arch. neurol. $b (Chic.)
222   0   $a Archives of neurology $b (Chicago)
245  00   $a Archives of neurology
260       $a [Chicago, $b American Medical Association]
300       $a v. $b ill. $c 26 cm
310       $a Monthly
362  0    $a v. 3- July 1960-
500       $a UCSC PE: INTEGRATING RESOURCE - TYPE = 'a', BIBLVL = 'i'; OUTPUT AS SERIAL, DO NOT OUTPUT ERROR (07/06).
650   0   $a Neurology $v Periodicals
650   2   $a Neurology $v Periodicals
793  0    $a Open access resource; selected by the UC Libraries. $p AMA archives online journals. $g m
852       $a SCB $b nnet $h RC321 $i .A67 $O -
852       $a SCB $b scper $h RC321 $i .A67 $m Back issues: Stacks. $3 1-15(1959-1966),  16:4-6(Apr.-June 1967),  17(July 1967)- $D Currently received $O 1
856  41   $3 v.55(1998)- $z AMA via HighWire. Current 12 months restricted to subscribers; all other issues freely available by registration $u http://uclibs.org/PID/4146
856  48   $3 v.55(1998)- $z Access restrictions may apply $n AMERICAN_MEDICAL_ASSOCIATION $u http://library.ucsc.edu/science/protect/archneur.html $x via print sub
891  12   $9 853 $8 1 $a v. $b no. $u 06 $v r $i (year) $j (month) $w m $x 01,07
891  40   $9 863 $8 1 $a <3>- $i <1960>- $x provisional
891  12   $9 853 $8 2 $a v. $b no. $u 12 $v r $i (year) $j (month) $w x $x 01
891  40   $9 863 $8 2 $a <32>- $i <1975>- $x provisional
901       $a SCB $b 15082970

Record 59
